@article{pillmeier02,
author = {R. Pillmeier, Matthew and Corporation, Unisys and J. Schulte, Michael and George, E and Iii, Walters},
year = {2002},
month = {10},
pages = {},
title = {Design Alternatives for Barrel Shifters},
volume = {4791},
journal = {Proceedings of SPIE - The International Society for Optical Engineering},
doi = {10.1117/12.452034}
}